<?xml version="1.0" encoding="UTF-8"?>
<record xmlns="http://www.loc.gov/MARC21/slim">
  <leader>02932ntm a22003977a 4500</leader>
  <controlfield tag="001">3620229</controlfield>
  <controlfield tag="005">20110201222100.0</controlfield>
  <controlfield tag="008">090115s1858    xx            000 i eng d</controlfield>
  <datafield tag="033" ind1="0" ind2="0">
    <subfield code="a">18580208</subfield>
  </datafield>
  <datafield tag="035" ind1=" " ind2=" ">
    <subfield code="a">3620229</subfield>
  </datafield>
  <datafield tag="040" ind1=" " ind2=" ">
    <subfield code="a">BRL</subfield>
  </datafield>
  <datafield tag="099" ind1=" " ind2=" ">
    <subfield code="a">Ms.A.9.2 v.29, p.36</subfield>
  </datafield>
  <datafield tag="100" ind1="1" ind2=" ">
    <subfield code="a">Webb, Richard Davis,</subfield>
    <subfield code="d">1805-1872.</subfield>
  </datafield>
  <datafield tag="245" ind1="1" ind2="0">
    <subfield code="a">[Letter to Anne Warren Weston]</subfield>
    <subfield code="h">[manuscript].</subfield>
  </datafield>
  <datafield tag="260" ind1=" " ind2=" ">
    <subfield code="a">[Dublin?, Ireland],</subfield>
    <subfield code="c">8th[-12th] of February 1858.</subfield>
  </datafield>
  <datafield tag="300" ind1=" " ind2=" ">
    <subfield code="a">2 leaves (8 p.) ;</subfield>
    <subfield code="c">8 1/8 x 5 1/4 in.</subfield>
  </datafield>
  <datafield tag="500" ind1=" " ind2=" ">
    <subfield code="a">Holograph, signed.</subfield>
  </datafield>
  <datafield tag="500" ind1=" " ind2=" ">
    <subfield code="a">This letter is a reply to Anne Warren Weston&apos;s letter of Nov. 17, 1857. Richard Davis Webb writes that his daughter fell sick and his mother-in-law, who is also sick, visited him. He tells about his nephew Jacob Sparrow, who may meet Anne Warren Weston in Rome. Richard D. Webb was glad to learn that Anne W. Weston and almost all the Massachusetts abolitionists had escaped the effect of the panic. Webb says: &quot;In Ireland except in the manufacturing town of Belfast, the Panic was little felt.&quot; Webb discourses at length on the British rule in India. He says the English have ruled India selfishly---as they have until lately governed Ireland; now no country in the world enjoys a more beneficient government. Letters from Mrs. Maria W. Chapman suggest that it would be better to just collect money instead of holding bazaars. Frederick Douglass attacked Richard D. Webb in his paper. Mary Estlin wrote recently about the death of her father&apos;s sister, the widow of the renowned ethnologist (James Cowles) Prichard. The proposition from Boston will be discussed with E. Wigham. Richard D. Webb&apos;s friend, Robert Johnson, foresees a civil war and the dissolution of the union &quot;as the most probable solution of the question of slavery.&quot; Richard D. Webb tells of his eye trouble, &quot;the dancing motes,&quot; and of his daughter Deborah. Harriet Martineau&apos;s niece, Maria, reports that Harriet Martineau &quot;holds her own&quot; and &quot;may live for years.&quot; Martineau has published books lately, two about India. Richard D. Webb again discusses the British rule in India.</subfield>
  </datafield>
  <datafield tag="600" ind1="1" ind2="0">
    <subfield code="a">Weston, Anne Warren,</subfield>
    <subfield code="d">1812-1890</subfield>
    <subfield code="v">Correspondence.</subfield>
  </datafield>
  <datafield tag="600" ind1="1" ind2="0">
    <subfield code="a">Webb, Richard Davis,</subfield>
    <subfield code="d">1805-1872</subfield>
    <subfield code="v">Correspondence.</subfield>
  </datafield>
  <datafield tag="600" ind1="1" ind2="0">
    <subfield code="a">Douglass, Frederick,</subfield>
    <subfield code="d">1818-1895.</subfield>
  </datafield>
  <datafield tag="600" ind1="1" ind2="0">
    <subfield code="a">Martineau, Harriet,</subfield>
    <subfield code="d">1802-1876.</subfield>
  </datafield>
  <datafield tag="600" ind1="1" ind2="0">
    <subfield code="a">Prichard, James Cowles,</subfield>
    <subfield code="d">1786-1848.</subfield>
  </datafield>
  <datafield tag="600" ind1="1" ind2="0">
    <subfield code="a">Sparrow, Jacob.</subfield>
  </datafield>
  <datafield tag="650" ind1=" " ind2="0">
    <subfield code="a">Anti-slavery fairs.</subfield>
  </datafield>
  <datafield tag="650" ind1=" " ind2="0">
    <subfield code="a">Depressions</subfield>
    <subfield code="y">1857.</subfield>
  </datafield>
  <datafield tag="650" ind1=" " ind2="0">
    <subfield code="a">Financial crises.</subfield>
  </datafield>
  <datafield tag="650" ind1=" " ind2="0">
    <subfield code="a">Slavery</subfield>
    <subfield code="z">United States.</subfield>
  </datafield>
  <datafield tag="650" ind1=" " ind2="0">
    <subfield code="a">Antislavery movements</subfield>
    <subfield code="z">United States</subfield>
    <subfield code="x">History</subfield>
    <subfield code="y">19th century.</subfield>
  </datafield>
  <datafield tag="650" ind1=" " ind2="0">
    <subfield code="a">Women abolitionists</subfield>
    <subfield code="z">Massachusetts</subfield>
    <subfield code="z">Boston</subfield>
    <subfield code="y">19th century</subfield>
    <subfield code="v">Correspondence.</subfield>
  </datafield>
  <datafield tag="651" ind1=" " ind2="0">
    <subfield code="a">India</subfield>
    <subfield code="x">History</subfield>
    <subfield code="y">19th century.</subfield>
  </datafield>
  <datafield tag="655" ind1=" " ind2="0">
    <subfield code="a">Letters.</subfield>
  </datafield>
  <datafield tag="655" ind1=" " ind2="0">
    <subfield code="a">Manuscripts.</subfield>
  </datafield>
  <datafield tag="700" ind1="1" ind2=" ">
    <subfield code="a">Weston, Anne Warren,</subfield>
    <subfield code="d">1812-1890,</subfield>
    <subfield code="e">recipient.</subfield>
  </datafield>
  <datafield tag="830" ind1=" " ind2="0">
    <subfield code="a">Anne Warren Weston Correspondence (1834-1886)</subfield>
  </datafield>
  <datafield tag="999" ind1=" " ind2=" ">
    <subfield code="a">shots: 8</subfield>
  </datafield>
</record>
